@BOOK{Daemen2002,
	AUTHOR = {Daemen, Joan AND Rijmen, Vincent},
	YEAR = {2002},
	TITLE = {The Design of Rijndael - AES - The Advanced Encryption Standard},
	EDITION = {1. Aufl.},
	ISBN = {978-3-540-42580-9},
	PUBLISHER = {Springer},
	ADDRESS = {Berlin, Heidelberg},
}

@BOOK{Schmeh2012,
	AUTHOR = {Schmeh, Klaus},
	YEAR = {2012},
	TITLE = {Kryptografie - Verfahren, Protokolle, Infrastrukturen},
	EDITION = {4. akt. u erw. Aufl.},
	ISBN = {978-3-898-64602-4},
	PUBLISHER = {Dpunkt.Verlag GmbH},
	ADDRESS = {Heidelberg},
}

@BOOK{Buchmann2010,
	AUTHOR = {Buchmann, Johannes},
	YEAR = {2010},
	TITLE = {Einfuehrung in die Kryptographie - },
	EDITION = {5. Aufl. 2010},
	ISBN = {978-3-642-11185-3},
	PUBLISHER = {Springer DE},
	ADDRESS = {Berlin},
}

@BOOK{Ertel2012,
	AUTHOR = {Ertel, Wolfgang},
	YEAR = {2012},
	TITLE = {Angewandte Kryptographie - },
	EDITION = {4. aktualisierte Auflage},
	ISBN = {978-3-446-42756-3},
	PUBLISHER = {Hanser Verlag},
	ADDRESS = {Muenchen, Wien},
}

@BOOK{Teschl2010,
	AUTHOR = {Teschl, Gerald},
	YEAR = {2010},
	TITLE = {Mathematik für Informatiker - Band 1: Diskrete Mathematik und Lineare Algebra},
	EDITION = {3. Aufl.},
	ISBN = {978-3-540-77431-0},
	PUBLISHER = {Springer DE},
	ADDRESS = {Berlin},
}

@BOOK{Barrett2011,
	AUTHOR = {Barrett, Daniel AND Silverman, Richard AND Byrnes, Robert},
	YEAR = {2011},
	TITLE = {SSH, The Secure Shell: The Definitive Guide - The Definitive Guide},
	EDITION = {},
	ISBN = {978-1-449-32481-0},
	PUBLISHER = {O'Reilly Media, Inc.},
	ADDRESS = {Sebastopol, CA},
}
@misc{rfc4253,
  added-at = {2009-11-15T15:37:34.000+0100},
  author = {Ylonen, T. and Lonvick, C.},
  biburl = {http://www.bibsonomy.org/bibtex/27535022cacb99cb2f833f734c3213161/henkellermann},
  howpublished = {RFC 4253 (Proposed Standard)},
  interhash = {f486081410884a95c0c03717d2307faf},
  intrahash = {7535022cacb99cb2f833f734c3213161},
  keywords = {imported},
  month = {January},
  number = 4253,
  organization = {Internet Engineering Task Force},
  publisher = {IETF},
  series = {Request for Comments},
  timestamp = {2009-11-15T15:37:34.000+0100},
  title = {{The Secure Shell (SSH) Transport Layer Protocol}},
  url = {http://www.ietf.org/rfc/rfc4253.txt},
  year = 2006
}

@misc{wiki-ssh-packet,
author = "Wikipedia - Traced by User:Stannered, original by en:User:Verbose using RFC4253 as source.",
title = "Structure of an SSH binary packet - {W}ikipedia{,} die freie {E}nzyklopädie",
year = "2007",
howpublished = "\url{https://en.wikipedia.org/w/index.php?title=File:Ssh_binary_packet_alt.svg&page=1}",
note = "[Online; Zugriff 21-October-2012 16:18:59]"
}
 

@BOOK{Beutelspacher2009A,
	AUTHOR = {Beutelspacher, Albrecht},
	YEAR = {2009},
	TITLE = {Kryptologie - Eine Einführung in die Wissenschaft vom Verschlüsseln, Verbergen und Verheimlichen.  Ohne alle Geheimniskrämerei, aber nicht ohne hinterlistigen Schalk, dargestellt zum Nutzen und Ergötzen des allgemeinen Publikums.},
	EDITION = {9, akt. Aufl. 2009},
	ISBN = {978-3-834-80703-8},
	PUBLISHER = {Springer DE},
	ADDRESS = {Berlin},
}

@BOOK{Karpfinger2009,
	AUTHOR = {Karpfinger, Christian AND Kiechle, Hubert},
	YEAR = {2009},
	TITLE = {Kryptologie - Algebraische Methoden und Algorithmen},
	EDITION = {2010. Aufl.},
	ISBN = {978-3-834-80884-4},
	PUBLISHER = {Springer DE},
	ADDRESS = {Berlin},
}

@BOOK{Beutelspacher2009,
	AUTHOR = {Beutelspacher, Albrecht AND Neumann, Heike B. AND Schwarzpaul, Thomas},
	YEAR = {2009},
	TITLE = {Kryptografie in Theorie und Praxis - Mathematische Grundlagen für Internetsicherheit, Mobilfunk und elektronisches Geld},
	EDITION = {2.Aufl. 2010},
	ISBN = {978-3-834-80977-3},
	PUBLISHER = {Springer DE},
	ADDRESS = {Berlin},
}

@misc{GlossarBSI,
author = "BSI  Bundesverwaltungsamt - Bundesstelle für Informationstechnik",
title = "Integrität (engl. integrity)",
year = "2012",
howpublished = "\url{https://www.bsi.bund.de/ContentBSI/Themen/Cyber-Sicherheit/Glossar/cs_Glossar_I.html}", note = "[Online; Zugriff 01-October-2012 22:23:56]"
}
@misc{qucosa,
author = "Sächsische Landesbibliothek -
Staats- und Universitätsbibliothek Dresden",
title = "Kryptografische Grundlagen",
year = "2012",
howpublished = "\url{http://www.qucosa.de/fileadmin/data/qucosa/documents/4096/data/vortrag/bau/Verfahr.html} ", note = "[Online; Zugriff 20-October-2012 15:10:00]"
}

@misc{SHA1TeilRunde,
author = "User:Matt Crypto, H2g2bob",
title = "Aufbau einer Runde von SHA-1",
year = "2007",
howpublished = "\url{https://upload.wikimedia.org/wikipedia/commons/e/e2/SHA-1.svg} ", note = "[Online; accessed 01-October-2012]"
}

@misc{ITWissen,
author = "Klaus Lipinski, Dipl.-Ing. (V.i.S.d.P.)",
title = "Stuerzeichen",
year = "2012",
howpublished = "\url{http://www.itwissen.info/definition/lexikon/Zeilenvorschub-LF-line-feed.html}", note = "[Online; Zugriff 20 Oktober-2012 13:15:31]"
}
@misc{iana,
  author="Joe Touch AND Markku Kojo AND Eliot Lear, Allison Mankin AND Kumiko Ono AND Martin Stiemerling and Lars Eggert",
  title="{Service Name and Transport Protocol Port Number Registry}",
  series="Internet Assigned Numbers Authority",
  howpublished="IANA (Informational)",
  publisher="IETF",
  organization="Internet Engineering Task Force",
  year=2012,
  month=dec,
   note = "[Online; Zugriff 21-October-2012 03:15:31]",
  url="https://www.iana.org/assignments/service-names-port-numbers/service-names-port-numbers.xml",
}
@TECHREPORT{kle,
  AUTHOR = { Robert Klemme AND Andreas Kral AND Thomas Schwöppe },
  TITLE = "{Die differentielle und lineare Kryptoanalyse von DES}",
  INSTITUTION = {HEINZ NIXDORF INSTITUT Universität-GH Paderborn
Theoretische Informatik AG Meyer auf der Heide},
  TYPE = {Seminararbeit},
  NUMBER = 19,
  
  YEAR = 1995,
  PDF = {http://wwwcs.uni-paderborn.de/fachbereich/AG/agmadh/WWW/german/LehreKuty/krypto95/kle.ps},
   url="http://wwwcs.uni-paderborn.de/fachbereich/AG/agmadh/WWW/german/LehreKuty/krypto95/kle.ps"
}

@misc{ITWissen2,
author = "Klaus Lipinski, Dipl.-Ing. (V.i.S.d.P.)",
title = "Stuerzeichen",
year = "2012",
howpublished = "\url{http://www.itwissen.info/definition/lexikon/Kryptoanalyse-crypto-analysis.html}", note = "[Online; Zugriff 23-October-2012 23:54:01]"
}

@misc{rfc4251,
  author="T. Ylonen and C. Lonvick",
  title="{The Secure Shell (SSH) Protocol Architecture}",
  series="Request for Comments",
  number="4251",
  howpublished="RFC 4251 (Proposed Standard)",
  publisher="IETF",
  organization="Internet Engineering Task Force",
  year=2006,
  month=jan,
    url="http://www.ietf.org/rfc/rfc4251.txt",
}
@book{g2006gals,
  title={GALS System Design : Side Channel Attack Secure Cryptographic Accelerators},
  author={G{\"u}rkaynak, F.K.},
  isbn={9783866280656},
  lccn={2006421736},
  series={Series in microelectronics},
  url={http://books.google.de/books?id=YU7UAAAACAAJ},
  year={2006},
  publisher={Hartung-Grove}
}
@article{weis2005hashfunktionen,
  title={Hashfunktionen gebrochen},
  author={Weis, R. and Lucks, S.},
  journal={Datenschutz und Datensicherheit, Dud},
  year={2005}
}
@misc{rfc2104,
  added-at = {2009-11-15T15:37:34.000+0100},
  author = {Krawczyk, H. and Bellare, M. and Canetti, R.},
  biburl = {http://www.bibsonomy.org/bibtex/2a08417c2def6ec3508b1e1998280b509/henkellermann},
  howpublished = {RFC 2104 (Informational)},
  interhash = {4c92bf2c8799ae9359fb6a0f853d9cf6},
  intrahash = {a08417c2def6ec3508b1e1998280b509},
  keywords = {imported},
  month = {February},
  number = 2104,
  organization = {Internet Engineering Task Force},
  publisher = {IETF},
  series = {Request for Comments},
  timestamp = {2009-11-15T15:37:58.000+0100},
  title = {{HMAC: Keyed-Hashing for Message Authentication}},
  url = {http://www.ietf.org/rfc/rfc2104.txt},
  year = 1997
}
@misc{rfc854,
  added-at = {2009-11-15T15:37:34.000+0100},
  author = {Postel, J. and Reynolds, J.K.},
  biburl = {http://www.bibsonomy.org/bibtex/25544030094ef498954573c11a8ce4378/henkellermann},
  howpublished = {RFC 854 (Standard)},
  interhash = {0f4112ab692ea3b6bb331869342f55d5},
  intrahash = {5544030094ef498954573c11a8ce4378},
  keywords = {imported},
  month = May,
  note = {Updated by RFC 5198},
  number = 854,
  organization = {Internet Engineering Task Force},
  publisher = {IETF},
  series = {Request for Comments},
  timestamp = {2009-11-15T15:37:34.000+0100},
  title = {{Telnet Protocol Specification}},
  url = {http://www.ietf.org/rfc/rfc854.txt},
  year = 1983
}
@misc{RFC3629,
  added-at = {2007-08-07T10:58:04.000+0200},
  author = {Yergeau, Francois},
  biburl = {http://www.bibsonomy.org/bibtex/2e9ebe0a0b9db995e1855a69d7821b0ca/zeno},
  howpublished = {\url{http://tools.ietf.org/html/rfc3629}},
  interhash = {824de762d3017e938abc083cfd038f59},
  intrahash = {e9ebe0a0b9db995e1855a69d7821b0ca},
  keywords = {2003 rfc specification unicode utf8},
  month = {November},
  timestamp = {2007-08-07T10:58:04.000+0200},
  title = {{RFC} 3629, {UTF-8}, a transformation format of {ISO 10646}},
  url = {http://tools.ietf.org/html/rfc3629},
  year = 2003
}
@MISC{Gallagher09fipspub,
    author = {Patrick Gallagher and Deputy Director Foreword and Cita Furlani Director},
    title = {FIPS PUB 186-3 FEDERAL INFORMATION PROCESSING STANDARDS PUBLICATION Digital Signature Standard (DSS)},
    year = {2009}
}

@misc{rfc4252,
  added-at = {2009-11-15T15:37:34.000+0100},
  author = {Ylonen, T. and Lonvick, C.},
  biburl = {http://www.bibsonomy.org/bibtex/24a6810dc224c0a77461b2364142d0e73/henkellermann},
  howpublished = {RFC 4252 (Proposed Standard)},
  interhash = {f492c2a3d9583b1b849ac0652b32a96d},
  intrahash = {4a6810dc224c0a77461b2364142d0e73},
  keywords = {imported},
  month = {January},
  number = 4252,
  organization = {Internet Engineering Task Force},
  publisher = {IETF},
  series = {Request for Comments},
  timestamp = {2009-11-15T15:37:34.000+0100},
  title = {{The Secure Shell (SSH) Authentication Protocol}},
  url = {http://www.ietf.org/rfc/rfc4252.txt},
  year = 2006,
}
@MISC{pk,
author = "Universitaet Potsdam",
title = "Asymmetrische Verschluesselung",
year = "1999",
howpublished = "\url{http://ddi.cs.uni-potsdam.de/Lehre/e-commerce/elBez2-5/page06.html}", note = "[Online; Zugriff 23-October-2012 23:54:01]",
}

@article{Dang:2013:CFI:2446898.2446902,
 author = {Dang, Quynh},
 title = {Changes in Federal Information Processing Standard FIPS 180-4, Secure Hash Standard},
 journal = {Cryptologia},
 issue_date = {January 2013},
 volume = {37},
 number = {1},
 month = jan,
 year = {2013},
 issn = {0161-1194},
 pages = {69--73},
 numpages = {5},
 url = {http://dx.doi.org/10.1080/01611194.2012.687431},
 doi = {10.1080/01611194.2012.687431},
 acmid = {2446902},
 publisher = {Taylor \& Francis, Inc.},
 address = {Bristol, PA, USA},
 keywords = {FIPS 180, SHA-512, SHA-512/224, SHA-512/256, hash algorithm, hash function},
} 